<record xmlns="http://www.loc.gov/MARC21/slim" xmlns:xsi="http://www.w3.org/2001/XMLSchema-instance" xsi:schemaLocation="http://www.loc.gov/MARC21/slim http://www.loc.gov/standards/marcxml/schema/MARC21slim.xsd"><leader>01442cz   2200313n  4500</leader><controlfield tag="001">oca00116370 </controlfield><controlfield tag="005">19970619052806.8</controlfield><controlfield tag="008">810220n| acannaab|          |a aaa      </controlfield><datafield ind1=" " ind2=" " tag="010"><subfield code="a">n  50082922 </subfield></datafield><datafield ind1=" " ind2=" " tag="040"><subfield code="a">DLC</subfield><subfield code="c">DLC</subfield><subfield code="d">DLC</subfield><subfield code="d">InU</subfield><subfield code="d">DLC</subfield><subfield code="d">NjP</subfield></datafield><datafield ind1="0" ind2=" " tag="100"><subfield code="a">Dionysius,</subfield><subfield code="c">of Halicarnassus</subfield></datafield><datafield ind1="0" ind2=" " tag="400"><subfield code="a">Dionysius,</subfield><subfield code="c">Halicarnaseus</subfield></datafield><datafield ind1="1" ind2=" " tag="400"><subfield code="a">Halicarnassus, Dionysius of</subfield></datafield><datafield ind1="0" ind2=" " tag="400"><subfield code="a">Dionigi,</subfield><subfield code="c">d'Alicarnasso</subfield></datafield><datafield ind1="0" ind2=" " tag="400"><subfield code="a">Denys,</subfield><subfield code="c">d'Halicarnasse</subfield></datafield><datafield ind1="0" ind2=" " tag="400"><subfield code="a">Dionizjusz,</subfield><subfield code="c">z Halikarnasu</subfield></datafield><datafield ind1="0" ind2=" " tag="400"><subfield code="a">Dionysios,</subfield><subfield code="c">ho Halikarnasseus</subfield></datafield><datafield ind1="0" ind2=" " tag="400"><subfield code="a">Dionisio,</subfield><subfield code="c">di Alicarnasso</subfield></datafield><datafield ind1="0" ind2=" " tag="400"><subfield code="a">Dionysius,</subfield><subfield code="c">Halicarnasseus</subfield></datafield><datafield ind1="0" ind2=" " tag="400"><subfield code="a">Dionisio,</subfield><subfield code="c">de Halicarnaso</subfield></datafield><datafield ind1="0" ind2=" " tag="400"><subfield code="a">Dionysiou,</subfield><subfield code="c">HalikarnaseoÌ&#x84;s</subfield></datafield><datafield ind1="0" ind2=" " tag="400"><subfield code="a">Dionysios,</subfield><subfield code="c">Halikarnasseas</subfield></datafield><datafield ind1=" " ind2=" " tag="670"><subfield code="a">His Storia di Roma arcaica, 1984:</subfield><subfield code="b">t.p. (Dionisio di Alicarnasso) p. 7, etc. (b. between 60 and 50 BC; d. slightly later than 8 BC; lit. critic and rhetoric prof. in Rome)</subfield></datafield><datafield ind1=" " ind2=" " tag="670"><subfield code="a">Oxford class. dict.</subfield><subfield code="b">(Dionysius of Halicarnassus)</subfield></datafield><datafield ind1=" " ind2=" " tag="670"><subfield code="a">Papyros-Larous.</subfield><subfield code="b">(Dionysios ho Halikarnasseus</subfield></datafield><datafield ind1=" " ind2=" " tag="670"><subfield code="a">His Dionysij Halicarnassei Antiquitatum siue originum Romanarum libri X, 1555:</subfield><subfield code="b">t.p. (Dionysij Halicarnassei ...)</subfield></datafield><datafield ind1=" " ind2=" " tag="670"><subfield code="a">Tres ensayos de criÌ&#x81;tica literaria, 1992:</subfield><subfield code="b">t.p. (Dionisio de Halicarnaso)</subfield></datafield><datafield ind1=" " ind2=" " tag="670"><subfield code="a">L'altro Enea, c1995:</subfield><subfield code="b">p. 267 (Dionysiou, HalikarnaseoÌ&#x84;s)</subfield></datafield><datafield ind1=" " ind2=" " tag="670"><subfield code="a">Archaia Hell. mousikeÌ&#x84; &amp; stichourgia. Mer. tetarto, 1963:</subfield><subfield code="b">t.p. (ho Dionysios Halikarnasseas)</subfield></datafield></record>